@article {lspi,
	author = {Lagoudakis,Michail G.  and Parr, Ronald},
    title = {Least-squares policy iteration},
    journal = {Journal of Machine Learning Research},
    year = {2003},
    volume = {4},
    pages = {1107--1149}
}
ï»¿@article {partigame,
	author = {Moore, Andrew W. and Atkeson, Christopher G.},
	title = {The parti-game algorithm for variable resolution reinforcement learning in multidimensional state-spaces},
   journal = {Machine Learning},
   publisher = {Springer Netherlands},
   keyword = {Computer Science},
   pages = {199-233},
   volume = {21},
   issue = {3},
   year = {1995}
}
@inproceedings{rmaxlspi,
	author = {Li, Lihong and Littman, Michael L. and Mansley, Christopher R.},
	title = {Online exploration in least-squares policy iteration},
	booktitle = {Proceedings of The 8th International Conference on Autonomous Agents and Multiagent Systems - Volume 2},
	year = {2009},
	pages = {733--739},
	numpages = {7},
	acmid = {1558113},
	keywords = {Markov decision processes, PAC-MDP, exploration, least-squares policy iteration (LSPI), reinforcement learning},
} 
@INPROCEEDINGS{smart2000,
    author = {William D. Smart and Leslie Pack Kaelbling},
    title = {Practical Reinforcement Learning in Continuous Spaces},
    booktitle = {Proceedings of 17th International Conference of Machine Learning},
    year = {2000},
    pages = {903--910},
    publisher = {Morgan Kaufmann}
}
@article{antosml, 
	title={Learning near-optimal policies with Bellman-residual minimization based fitted policy iteration and a single sample path}, 
	volume={71}, 
	number={1}, 
	journal={Machine Learning}, 
	publisher={Springer-Verlag}, 
	author={Antos, Andras and Szepesvari, Csaba and Munos, Remi}, 
	year={2006}, 
	pages={89--129}
}
@INPROCEEDINGS{pegasus,
    author = {Andrew Ng and Michael Jordan},
    title = {PEGASUS: A policy search method for large MDPs and POMDPs},
    booktitle = {Proceedings of the Sixteenth Conference on Uncertainty in Artificial Intelligence},
    year = {2000},
    pages = {406--415}
}
@Article{fqi,
  author       = "Ernst, Damien and Geurts, Pierre and Wehenkel, Louis",
  title        = "Tree-Based Batch Mode Reinforcement Learning",
  journal      = "Journal of Machine Learning Research",
  volume       = "6",
  pages        = "503-556",
  month        = "April",
  year         = "2005",
  keywords     = "optimisation, machine learning",
}
@TECHREPORT{rrt,
    author = {Steven M. Lavalle},
    title = {Rapidly-Exploring Random Trees: A New Tool for Path Planning},
    institution = {Computer Science Dept, Iowa State University},
    year = {1998}
}

@INPROCEEDINGS{lstd,
    author = {Justin Boyan},
    title = {Least-Squares Temporal Difference Learning},
    booktitle = {In Proceedings of the Sixteenth International Conference on Machine Learning},
    year = {1999},
    pages = {49--56},
    publisher = {Morgan Kaufmann}
}

@Book{adp,
	author = {Powell, W. B},
	title = {Approximate dynamic programming:Solving the curses of dimensionality},
	publisher = {John Wiley and Sons},
	year = {2007}
}
@TECHREPORT{bairdadvantage,
    author = {Leemon C. Baird},
    title = {Advantage Updating},
    institution = {Wright Laboratory},
    year = {1993}
}
@inproceedings{kearns99,
 author = {Kearns, Michael and Mansour, Yishay and Ng, Andrew Y.},
 title = {A sparse sampling algorithm for near-optimal planning in large Markov decision processes},
 booktitle = {Proceedings of the 16th International joint Conference on Artificial Intelligence - Volume 2},
 year = {1999},
 pages = {1324--1331},
 numpages = {8},
 acmid = {1624407},
 publisher = {Morgan Kaufmann Publishers Inc.},
} 
@INPROCEEDINGS{nearopt,
    author = {Michael Kearns and Satinder Singh},
    title = {Near-Optimal Reinforcement Learning in Polynomial Time},
    booktitle = {Proceedings of the Fifteenth International Conference on Machine Learning},
    year = {1998},
    pages = {260--268},
    publisher = {Morgan Kaufmann}
}
@INPROCEEDINGS{rrtconnect,
    author = {James J. {Kuffner Jr.} and Steven M. Lavalle},
    title = {RRT-Connect: An efficient approach to single-query path planning},
    booktitle = { Proceedings of the IEEE International Conference on Robotics and Automation},
    year = {2000},
    pages = {995--1001},
    publisher = {}
}
@article{karaman,
  Author = {Karaman, Sertac and Frazzoli, Emilio},
  Date-Modified = {2011-10-05 19:04:22 +0000},
  Journal = {International Journal of Robotics Research},
  Month = {June},
  Number = {7},
  Pages = {846--894},
  Title = {Sampling-based Algorithms for Optimal Motion Planning},
  Volume = {30},
  Year = {2011}
}
@book{howardpi,
  address = {Cambridge, Massachusetts},
  author = {Howard, Ronald A.},
  interhash = {7eed9f4f6bd1f9ee063d80d0f732e48f},
  intrahash = {8b7bfb378cc74b8d92415ded9bde44cb},
  keywords = {no-tag},
  priority = {2},
  publisher = {MIT~Press},
  timestamp = {2007-07-06T10:33:42.000+0200},
  title = {Dynamic Programming and Markov Processes},
  year = 1960
}

@book{neurodp,
    author = {Bertsekas, Dimitri P. and Tsitsiklis, John N.},
    month = may,
    publisher = {{Athena Scientific}},
    title = {{Neuro-Dynamic Programming (Optimization and Neural Computation Series, 3)}},
    year = {1996}
}

@ARTICLE{chenavin,
    author = {Chen Avin and Gunes Ercal},
    title = {On the cover time and mixing time of random geometric graphs},
    journal = {Theoretical Computer Science},
    year = {2007}
}

@INPROCEEDINGS{doodyflairs,
	author = {Pradyot Korupolu V. N. and Manimaran Sivamurugan and Balaraman Ravindran},
	title = {Instructing a Reinforcement Learner},
	conference = {Florida Artificial Intelligence Research Society Conference},
	year = {2012},
	keywords = {Reinforcement Learning; Learning from Humans; Learning in Structured Spaces}
}


